@MISC{ft-300,
	HOWPUBLISHED = "\url{https://www.fueltechargentina.com.ar/tienda/ecus/ft300-cat-01-6/ft-300}",
	AUTHOR = "Fueltech",
	TITLE = "FT-300",
	URLDATE = {2023-05-22}
}

@MISC{ht-193000,
	HOWPUBLISHED = "\url{https://www.haltech.com/product/ht-193000-nexus-r3-vcu/}",
	AUTHOR = "Halltech",
	TITLE = "HT-193000",
	URLDATE = {2023-05-22}
}

@INBOOK{book-afr,
    AUTHOR="John heywood",
    TITLE="Internal Combustion Engine Fundamentals",
    PUBLISHER="McGraw-Hill Education",
    YEAR="1988",
    PAGES="915"
}

@INBOOK{lubrication,
    AUTHOR="Pirro, D.M. and Webster, M. and Daschner, E.",
    TITLE="Lubrication Fundamentals, Revised and Expanded",
    PUBLISHER="CRC Press",
    YEAR="2017",
    PAGES="24"
}

@MISC{motor,
	HOWPUBLISHED = "\url{https://www.britannica.com/technology/internal-combustion-engine}",
	AUTHOR = "Charles Lafayette Proctor",
	TITLE = "Internal Combustion Engine",
	URLDATE = {2023-06-1}
}

@MISC{poncho,
	HOWPUBLISHED = "\url{https://github.com/ciaa/Ponchos/blob/master/Readme.md}",
    AUTHOR = "Diego Brengi",
	TITLE = "Ponchos EDU-CIAA",
	URLDATE = {2023-06-1}
}

@MISC{hm-10,
	URL = {https://people.ece.cornell.edu/land/courses/ece4760/PIC32/uart/HM10/DSD%20TECH%20HM-10%20datasheet.pdf},
    AUTHOR = "DSD TECH",
	TITLE = "HM-10 Datasheet",
	URLDATE = {2023-06-1}
}

@MISC{raspberrypi,
	URL = {https://www.raspberrypi.com/products/raspberry-pi-3-model-b-plus/},
    AUTHOR = "Raspberry Pi Foundation",
	TITLE = "Raspberry Pi 3B+",
	URLDATE = {2023-06-1}
}

@MANUAL{max31855,
    organization  = "Maxim Integrated",
    title         = "MAX31855 Cold-Junction Compensated Thermocouple-to-Digital Converter.",
    number        = "19-5793",
    year          =  2015,
    note          = "Rev. 5"
}

@MANUAL{max9924,
    organization  = "Analog Devices",
    title         = "MAX9924-MAX9927 Variable Reluctance Sensor Interfaces with Differential Input and Adaptive Peak Threshold.",
    number        = "19-4283",
    year          =  2018,
    note          = "Rev. 5"
}

@INBOOK{termocupla,
    AUTHOR="Taylor \& Francis",
    TITLE="Thermoelectrics Handbook",
    PUBLISHER="CRC Press",
    YEAR="2018",
    PAGES="12"
}

@book{teton2003,
	title={Gu{\'\i}a t{\'e}cnica de la acuariofilia},
	author={Teton, J.},
	isbn={9788489840249},
	series={Gu{\'\i}as t{\'e}cnicas},
	url={https://books.google.com.ar/books?id=6vrjovWkQicC},
	year={2003},
	publisher={Tursen S.A. - H. Blume}
}

@book{IEEE:citation,
	author={IEEE},
	title={IEEE Citation Reference},
	edition={1},
	url={http://www.ieee.org/documents/ieeecitationref.pdf},
	urldate={2016-9-26},
	publisher={IEEE Publications},
	year={2016}
}

@misc{CIAA,
	author = {{Proyecto CIAA}},
	title = {Computadora Industrial Abierta Argentina},
	url = {http://proyecto-ciaa.com.ar/devwiki/doku.php?id=start},
	note = {Visitado el 2016-06-25},
	year = {2014}
}

@MISC{lpcopen,
   author =	{{NXP Semiconductors}},
   title =	{LPCOPEN v2.16 Drivers, Middleware and Examples},
   url =	{http://www.nxp.com/products/microcontrollers-and-processors/arm-processors/lpc-cortex-m-mcus/software-tools/lpcopen-libraries-and-examples:LPC-OPEN-LIBRARIES},
   note =	{Disponible: 2016-06-25},
 }
 
@MISC{contrib,
	author =	{{Savannah}},
	title =	{lwIP - A Lightweight TCP/IP stack},
	url =	{http://git.savannah.gnu.org/cgit/lwip/lwip-contrib.git},
	note =	{Disponible: 2016-06-25},
 }

@MISC{webserver,
	author =	{{Savannah}},
	title =	{lwIP - Wiki - Sample Web Server},
	url =	{ http://lwip.wikia.com/wiki/Sample_Web_Server},
	note =	{Disponible: 2016-06-25}
 } 
 


@MISC{sensor_pH,
   author =	{dfRobot},
   title =	{PH meter(SKU: SEN0161)},
   url =	{http://www.dfrobot.com/wiki/index.php?title=PH_meter(SKU:_SEN0161)},
   note =	{Disponible: 2016-06-25},
}

@misc{rfc2616,
	series =	{Request for Comments},
	number=		2616,
	howpublished=	{RFC 2616},
	publisher =	{RFC Editor},
	doi =		{10.17487/rfc2616},
	url =		{https://rfc-editor.org/rfc/rfc2616.txt},
	author=		{Jeffrey Mogul and Larry M Masinter and Roy T. Fielding and Jim Gettys and Paul J. Leach and Tim Berners-Lee},
	title=		{{Hypertext Transfer Protocol -- HTTP/1.1}},
	pagetotal =	176,
	year =		2013,
	month =		3,
	day =		2,
	abstract =	{HTTP has been in use by the World-Wide Web global information initiative since 1990. This specification defines the protocol referred to as &quot;HTTP/1.1&quot;, and is an update to RFC 2068. [STANDARDS-TRACK]},
}

@misc{rfc3875,
	series =	{Request for Comments},
	number=		3875,
	howpublished=	{RFC 3875},
	publisher =	{RFC Editor},
	doi =		{10.17487/rfc3875},
	url =		{https://rfc-editor.org/rfc/rfc3875.txt},
	author=		{David Robinson},
	title=		{{The Common Gateway Interface (CGI) Version 1.1}},
	pagetotal =	36,
	year =		2013,
	month =		mar,
	day =		20,
	abstract =	{The Common Gateway Interface (CGI) is a simple interface for running external programs, software or gateways under an information server in a platform-independent manner. Currently, the supported information servers are HTTP servers.},
}

@misc{rfc7540,
	series =	{Request for Comments},
	number=		7540,
	howpublished=	{RFC 7540},
	publisher =	{RFC Editor},
	doi =		{10.17487/rfc7540},
	url =		{https://rfc-editor.org/rfc/rfc7540.txt},
	author=		{Mike Belshe and Roberto Peon and Martin Thomson},
	title=		{{Hypertext Transfer Protocol Version 2 (HTTP/2)}},
	pagetotal =	96,
	year =		2015,
	month =		nov,
	day =		18,
	abstract =	{This specification describes an optimized expression of the semantics of the Hypertext Transfer Protocol (HTTP), referred to as HTTP version 2 (HTTP/2). HTTP/2 enables a more efficient use of network resources and a reduced perception of latency by introducing header field compression and allowing multiple concurrent exchanges on the same connection. It also introduces unsolicited push of representations from servers to clients.},
}
